@phdthesis{ali2024scaling,
  title={Scaling Privacy Perserving Payments},
  author={Ali, Ayesha},
  year={2024},
  school={Massachusetts Institute of Technology}
}

@article{buterin2013ethereum,
  title={Ethereum white paper},
  author={Buterin, Vitalik and others},
  journal={GitHub repository},
  volume={1},
  pages={22--23},
  year={2013}
}

@book{casella2024statistical,
  title={Statistical inference},
  author={Casella, George and Berger, Roger},
  year={2024},
  publisher={CRC Press}
}

@phdthesis{chator2023practice,
  title={Practice-Oriented Privacy in Cryptography},
  author={Chator, Alishah},
  year={2023},
  school={Johns Hopkins University}
}

@article{eagen2022zero,
  title={Zero Knowledge Proofs of Elliptic Curve Inner Products from Principal Divisors and Weil Reciprocity},
  author={Eagen, Liam},
  journal={Cryptology ePrint Archive},
  year={2022}
}

@article{hopwood2016zcash,
  title={Zcash protocol specification},
  author={Hopwood, Daira and Bowe, Sean and Hornby, Taylor and Wilcox, Nathan and others},
  journal={GitHub: San Francisco, CA, USA},
  volume={4},
  number={220},
  pages={32},
  year={2016}
}

@inproceedings{meiklejohn2013fistful,
  title={A fistful of bitcoins: characterizing payments among men with no names},
  author={Meiklejohn, Sarah and Pomarole, Marjori and Jordan, Grant and Levchenko, Kirill and McCoy, Damon and Voelker, Geoffrey M and Savage, Stefan},
  booktitle={Proceedings of the 2013 conference on Internet measurement conference},
  pages={127--140},
  year={2013}
}

@article{miller2017empirical,
  title={An empirical analysis of linkability in the {M}onero blockchain},
  author={Miller, Andrew and M{\"o}ser, Malte and Lee, Kevin and Narayanan, Arvind},
  journal={arXiv preprint arXiv:1704.04299},
  year={2017},
  publisher={ArXiv preprint}
}

@misc{breaking_monero_poisoned_outputs,
  author       = {{Monero Outreach}},
  title        = {Breaking Monero. Poisoned Outputs (EAE Attack)},
  howpublished = {\url{https://www.monerooutreach.org/breaking-monero/poisoned-outputs.html}},
  year         = {2020},
  note         = {Accessed: 2024-10-14}
}

@article{moser2017empirical,
  title={An empirical analysis of traceability in the {M}onero blockchain},
  author={M{\"o}ser, Malte and Soska, Kyle and Heilman, Ethan and Lee, Kevin and Heffan, Henry and Srivastava, Shashvat and Hogan, Kyle and Hennessey, Jason and Miller, Andrew and Narayanan, Arvind and others},
  journal={arXiv preprint arXiv:1704.04299},
  year={2017}
}

@article{nakamoto2008bitcoin,
  title={Bitcoin whitepaper},
  author={Nakamoto, Satoshi},
  journal={URL: https://bitcoin. org/bitcoin. pdf-(: 17.07. 2019)},
  volume={9},
  pages={15},
  year={2008}
}

@article{neyman1933ix,
  title={IX. On the problem of the most efficient tests of statistical hypotheses},
  author={Neyman, Jerzy and Pearson, Egon Sharpe},
  journal={Philosophical Transactions of the Royal Society of London. Series A, Containing Papers of a Mathematical or Physical Character},
  volume={231},
  number={694-706},
  pages={289--337},
  year={1933},
  publisher={The Royal Society London}
}

@article{Pernice2021Cryptocurrencies,
	author = {Pernice, Ingolf Gunnar Anton and Gentzen, Georg and Elendner, Hermann},
	journal = {Cryptoeconomic Systems},
	number = {1},
	year = {2021},
	month = {apr 5},
	note = {https://cryptoeconomicsystems.pubpub.org/pub/pernice-cryptocurrencies-velocity},
	publisher = {},
	title = {Cryptocurrencies and the {Velocity} of {Money}},
	volume = {0},
}

@inproceedings{ranshous2017exchange,
  title={Exchange pattern mining in the bitcoin transaction directed hypergraph},
  author={Ranshous, Stephen and Joslyn, Cliff A and Kreyling, Sean and Nowak, Kathleen and Samatova, Nagiza F and West, Curtis L and Winters, Samuel},
  booktitle={Financial Cryptography and Data Security: FC 2017 International Workshops, WAHC, BITCOIN, VOTING, WTSC, and TA, Sliema, Malta, April 7, 2017, Revised Selected Papers 21},
  pages={248--263},
  year={2017},
  organization={Springer}
}

@article{van2013cryptonote,
  title={CryptoNote v 2.0},
  author={Van Saberhagen, Nicolas},
  year={2013}
}

@article{yang2019behavioral,
  title={Behavioral anomalies in cryptocurrency markets},
  author={Yang, Hanlin},
  journal={Available at SSRN 3174421},
  year={2019}
}



















